%References%

%datasets used
@article{zanini2016population,
  title={Population genomics of intrapatient HIV-1 evolution},
  author={Zanini, Fabio and Brodin, Johanna and Thebo, Lina and Lanz, Christa and Bratt, G{\"o}ran and Albert, Jan and Neher, Richard A},
  journal={eLife},
  volume={4},
  pages={e11282},
  year={2016},
  publisher={eLife Sciences Publications Limited}
}

@article{zanini2016vivo,
  title={In-vivo mutation rates and fitness landscape of HIV-1},
  author={Zanini, Fabio and Puller, Vadim and Brodin, Johanna and Albert, Jan and Neher, Richard},
  journal={arXiv preprint arXiv:1603.06634},
  year={2016}
}


@article{lehman2015risk,
  title={Risk of drug resistance among persons acquiring HIV within a randomized clinical trial of single-or dual-agent preexposure prophylaxis},
  author={Lehman, Dara A and Baeten, Jared M and McCoy, Connor O and Weis, Julie F and Peterson, Dylan and Mbara, Gerald and Donnell, Deborah and Thomas, Katherine K and Hendrix, Craig W and Marzinke, Mark A and others},
  journal={Journal of Infectious Diseases},
  pages={jiu677},
  year={2015},
  publisher={Oxford University Press}
}


@article{bacheler2000human,
  title={Human immunodeficiency virus type 1 mutations selected in patients failing efavirenz combination therapy},
  author={Bacheler, Lee T and Anton, Elizabeth D and Kudish, Phil and Baker, David and Bunville, Julie and Krakowski, Karen and Bolling, Laura and Aujay, Monette and Wang, Xin Victoria and Ellis, Dawn and others},
  journal={Antimicrobial agents and chemotherapy},
  volume={44},
  number={9},
  pages={2475--2484},
  year={2000},
  publisher={Am Soc Microbiol}
}

%HIV populations in a patient are almost perfectly independent
@article{pennings2014loss,
  title={Loss and recovery of genetic diversity in adapting populations of HIV},
  author={Pennings, Pleuni S and Kryazhimskiy, Sergey and Wakeley, John},
  journal={PLoS Genet},
  volume={10},
  number={1},
  pages={e1004000},
  year={2014},
  publisher={Public Library of Science}
}


@article{kouyos2015irreversibility,
  title={The irreversibility of HIV drug resistance},
  author={Kouyos, Roger D and G{\"u}nthard, Huldrych F},
  journal={Clinical Infectious Diseases},
  pages={civ400},
  year={2015},
  publisher={Oxford University Press}
}


@book{hartl1997principles,
  title={Principles of population genetics},
  author={Hartl, Daniel L and Clark, Andrew G and Clark, Andrew G},
  volume={116},
  year={1997},
  publisher={Sinauer associates Sunderland}
}


@article{shafer2009low,
  title={Low-abundance drug-resistant HIV-1 variants: finding significance in an era of abundant diagnostic and therapeutic options},
  author={Shafer, Robert W},
  journal={Journal of Infectious Diseases},
  volume={199},
  number={5},
  pages={610--612},
  year={2009},
  publisher={Oxford University Press}
}

@article{coffin1995hiv,
  title={HIV population dynamics in vivo: implications for genetic variation, pathogenesis, and therapy},
  author={Coffin, John M},
  journal={Science},
  volume={267},
  number={5197},
  pages={483--489},
  year={1995},
  publisher={American Association for the Advancement of Science}
}

@article{stern2014costs,
  title={Costs and benefits of mutational robustness in RNA viruses},
  author={Stern, Adi and Bianco, Simone and Te Yeh, Ming and Wright, Caroline and Butcher, Kristin and Tang, Chao and Nielsen, Rasmus and Andino, Raul},
  journal={Cell reports},
  volume={8},
  number={4},
  pages={1026--1036},
  year={2014},
  publisher={Elsevier}
}

@article{johnson20112011,
  title={2011 update of the drug resistance mutations in HIV-1.},
  author={Johnson, Victoria A and Calvez, Vincent and G{\"u}nthard, Huldrych F and Paredes, R and Pillay, D and Shafer, R and Wensing, AM and Richman, DD},
  journal={Topics in antiviral medicine},
  volume={19},
  number={4},
  pages={156--164},
  year={2011}
}

%high mutation rate of RNA viruses and HIV
@article{drake1999mutation,
  title={Mutation rates among RNA viruses},
  author={Drake, John W and Holland, John J},
  journal={Proceedings of the National Academy of Sciences},
  volume={96},
  number={24},
  pages={13910--13913},
  year={1999},
  publisher={National Acad Sciences}
}

@article{sanjuan2010viral,
  title={Viral mutation rates},
  author={Sanjuan, Rafael and Nebot, Miguel R and Chirico, Nicola and Mansky, Louis M and Belshaw, Robert},
  journal={Journal of virology},
  volume={84},
  number={19},
  pages={9733--9748},
  year={2010},
  publisher={Am Soc Microbiol}
}

%in vitro fitness tests
@article{sanjuan2004distribution,
  title={The distribution of fitness effects caused by single-nucleotide substitutions in an RNA virus},
  author={Sanju{\'a}n, Rafael and Moya, Andr{\'e}s and Elena, Santiago F},
  journal={Proceedings of the National Academy of Sciences of the United States of America},
  volume={101},
  number={22},
  pages={8396--8401},
  year={2004},
  publisher={National Acad Sciences}
}

% assessing fitness costs in vitro 
@article{acevedo2014mutational,
  title={Mutational and fitness landscapes of an RNA virus revealed through population sequencing},
  author={Acevedo, Ashley and Brodsky, Leonid and Andino, Raul},
  journal={Nature},
  volume={505},
  number={7485},
  pages={686--690},
  year={2014},
  publisher={Nature Publishing Group}
}

@article{thyagarajan2014inherent,
  title={The inherent mutational tolerance and antigenic evolvability of influenza hemagglutinin},
  author={Thyagarajan, Bargavi and Bloom, Jesse D},
  journal={Elife},
  pages={e03300},
  year={2014},
  publisher={eLife Sciences Publications Limited}
}

%%%%
@article{duffy2008rates,
  title={Rates of evolutionary change in viruses: patterns and determinants},
  author={Duffy, Siobain and Shackelton, Laura A and Holmes, Edward C},
  journal={Nature Reviews Genetics},
  volume={9},
  number={4},
  pages={267--276},
  year={2008},
  publisher={Nature Publishing Group}
}


%fitness cost of DRMS lack of characterization
@article{johnson2008minority,
  title={Minority HIV-1 drug resistance mutations are present in antiretroviral treatment--naive populations and associate with reduced treatment efficacy},
  author={Johnson, Jeffrey A and Li, Jin-Fen and Wei, Xierong and Lipscomb, Jonathan and Irlbeck, David and Craig, Charles and Smith, Amanda and Bennett, Diane E and Monsour, Michael and Sandstrom, Paul and others},
  journal={PLoS Med},
  volume={5},
  number={7},
  pages={e158},
  year={2008},
  publisher={Public Library of Science}
}

%negative fitness costs of mutations especially in viruses
@article{sanjuan2010mutational,
  title={Mutational fitness effects in RNA and single-stranded DNA viruses: common patterns revealed by site-directed mutagenesis studies},
  author={Sanju{\'a}n, Rafael},
  journal={Philosophical Transactions of the Royal Society of London B: Biological Sciences},
  volume={365},
  number={1548},
  pages={1975--1982},
  year={2010},
  publisher={The Royal Society}
}

@article{eyre2007distribution,
  title={The distribution of fitness effects of new mutations},
  author={Eyre-Walker, Adam and Keightley, Peter D},
  journal={Nature Reviews Genetics},
  volume={8},
  number={8},
  pages={610--618},
  year={2007},
  publisher={Nature Publishing Group}
}

%Stanford database
@article{rhee2003human,
  title={Human immunodeficiency virus reverse transcriptase and protease sequence database},
  author={Rhee, Soo-Yon and Gonzales, Matthew J and Kantor, Rami and Betts, Bradley J and Ravela, Jaideep and Shafer, Robert W},
  journal={Nucleic acids research},
  volume={31},
  number={1},
  pages={298--303},
  year={2003},
  publisher={Oxford Univ Press}
}

%Los Alamos database
@article{kuiken2003hiv,
  title={HIV sequence databases},
  author={Kuiken, Carla and Korber, Bette and Shafer, Robert W},
  journal={AIDS reviews},
  volume={5},
  number={1},
  pages={52},
  year={2003},
  publisher={NIH Public Access}
}

%intrapatient evolution
@article{paredes2009vivo,
  title={In vivo fitness cost of the M184V mutation in multidrug-resistant human immunodeficiency virus type 1 in the absence of lamivudine},
  author={Paredes, Roger and Sagar, Manish and Marconi, Vincent C and Hoh, Rebecca and Martin, Jeffrey N and Parkin, Neil T and Petropoulos, Christos J and Deeks, Steven G and Kuritzkes, Daniel R},
  journal={Journal of virology},
  volume={83},
  number={4},
  pages={2038--2043},
  year={2009},
  publisher={Am Soc Microbiol}
}

@article{martinez2008hiv,
  title={HIV-1 reverse transcriptase inhibitor resistance mutations and fitness: a view from the clinic and ex vivo},
  author={Martinez-Picado, Javier and Mart{\'\i}nez, Miguel Angel},
  journal={Virus research},
  volume={134},
  number={1},
  pages={104--123},
  year={2008},
  publisher={Elsevier}
}

@article{ferguson2013translating,
  title={Translating HIV sequences into quantitative fitness landscapes predicts viral vulnerabilities for rational immunogen design},
  author={Ferguson, Andrew L and Mann, Jaclyn K and Omarjee, Saleha and Ndungâ€™u, Thumbi and Walker, Bruce D and Chakraborty, Arup K},
  journal={Immunity},
  volume={38},
  number={3},
  pages={606--617},
  year={2013},
  publisher={Elsevier}
}

%interpatient evolution 
@article{nielsen2003estimating,
  title={Estimating the distribution of selection coefficients from phylogenetic data with applications to mitochondrial and viral DNA},
  author={Nielsen, Rasmus and Yang, Ziheng},
  journal={Molecular biology and evolution},
  volume={20},
  number={8},
  pages={1231--1239},
  year={2003},
  publisher={SMBE}
}

@article{kosakovsky2008estimating,
  title={Estimating selection pressures on HIV-1 using phylogenetic likelihood models},
  author={Kosakovsky Pond, SL and Poon, AFY and Zarate, S and Smith, DM and Little, SJ and Pillai, SK and Ellis, RJ and Wong, JK and Leigh Brown, AJ and Richman, DD and others},
  journal={Statistics in medicine},
  volume={27},
  number={23},
  pages={4779--4789},
  year={2008},
  publisher={Wiley Online Library}
}

@article{nielsen1998likelihood,
  title={Likelihood models for detecting positively selected amino acid sites and applications to the HIV-1 envelope gene},
  author={Nielsen, Rasmus and Yang, Ziheng},
  journal={Genetics},
  volume={148},
  number={3},
  pages={929--936},
  year={1998},
  publisher={Genetics Soc America}
}


@article{mayrose2013synonymous,
  title={Synonymous site conservation in the HIV-1 genome},
  author={Mayrose, Itay and Stern, Adi and Burdelova, Ela O and Sabo, Yosef and Laham-Karam, Nihay and Zamostiano, Rachel and Bacharach, Eran and Pupko, Tal},
  journal={BMC evolutionary biology},
  volume={13},
  number={1},
  pages={1},
  year={2013},
  publisher={BioMed Central}
}

@article{penn2008evolutionary,
  title={Evolutionary modeling of rate shifts reveals specificity determinants in HIV-1 subtypes},
  author={Penn, Osnat and Stern, Adi and Rubinstein, Nimrod D and Dutheil, Julien and Bacharach, Eran and Galtier, Nicolas and Pupko, Tal},
  journal={PLoS Comput Biol},
  volume={4},
  number={11},
  pages={e1000214},
  year={2008},
  publisher={Public Library of Science}
}

%Mutation Rate of HIV
@article{cuevas2015extremely,
  title={Extremely High Mutation Rate of HIV-1 In Vivo},
  author={Cuevas, Jos{\'e} M and Geller, Ron and Garijo, Raquel and L{\'o}pez-Aldeguer, Jos{\'e} and Sanju{\'a}n, Rafael},
  journal={PLoS Biol},
  volume={13},
  number={9},
  pages={e1002251},
  year={2015},
  publisher={Public Library of Science}
}

@article{mansky1995lower,
  title={Lower in vivo mutation rate of human immunodeficiency virus type 1 than that predicted from the fidelity of purified reverse transcriptase.},
  author={Mansky, Louis M and Temin, Howard M},
  journal={Journal of virology},
  volume={69},
  number={8},
  pages={5087--5094},
  year={1995},
  publisher={Am Soc Microbiol}
}

@article{abram2010nature,
  title={Nature, position, and frequency of mutations made in a single cycle of HIV-1 replication},
  author={Abram, Michael E and Ferris, Andrea L and Shao, Wei and Alvord, W Gregory and Hughes, Stephen H},
  journal={Journal of virology},
  volume={84},
  number={19},
  pages={9864--9878},
  year={2010},
  publisher={Am Soc Microbiol}
}

@article{roberts1988accuracy,
  title={The accuracy of reverse transcriptase from HIV-1},
  author={Roberts, John D and Bebenek, Katarzyna and Kunkel, Thomas A},
  journal={Science},
  volume={242},
  number={4882},
  pages={1171--1173},
  year={1988},
  publisher={American Association for the Advancement of Science}
}

%fitness costs for groups of mutations
@article{lawrie2013strong,
  title={Strong purifying selection at synonymous sites in D. melanogaster},
  author={Lawrie, David S and Messer, Philipp W and Hershberg, Ruth and Petrov, Dmitri A},
  journal={PLoS Genet},
  volume={9},
  number={5},
  pages={e1003527},
  year={2013},
  publisher={Public Library of Science}
}

@article{lawrie2014comparative,
  title={Comparative population genomics: power and principles for the inference of functionality},
  author={Lawrie, David S and Petrov, Dmitri A},
  journal={Trends in Genetics},
  volume={30},
  number={4},
  pages={133--139},
  year={2014},
  publisher={Elsevier}
}


%more of Pleuni's paper
@article{feder2016more,
  title={More effective drugs lead to harder selective sweeps in the evolution of drug resistance in HIV-1},
  author={Feder, Alison F and Rhee, Soo-Yon and Holmes, Susan P and Shafer, Robert W and Petrov, Dmitri A and Pennings, Pleuni S},
  journal={eLife},
  volume={5},
  pages={e10670},
  year={2016},
  publisher={eLife Sciences Publications Limited}
}


@article{pennings2012standing,
  title={Standing genetic variation and the evolution of drug resistance in HIV},
  author={Pennings, Pleuni Simone},
  journal={PLoS Comput Biol},
  volume={8},
  number={6},
  pages={e1002527},
  year={2012},
  publisher={Public Library of Science}
}

@article{moreno2015imperfect,
  title={Imperfect drug penetration leads to spatial monotherapy and rapid evolution of multidrug resistance},
  author={Moreno-Gamez, Stefany and Hill, Alison L and Rosenbloom, Daniel IS and Petrov, Dmitri A and Nowak, Martin A and Pennings, Pleuni S},
  journal={Proceedings of the National Academy of Sciences},
  volume={112},
  number={22},
  pages={E2874--E2883},
  year={2015},
  publisher={National Acad Sciences}
}


%Neher paper
@article{zanini2013quantifying,
  title={Quantifying selection against synonymous mutations in HIV-1 env evolution},
  author={Zanini, Fabio and Neher, Richard A},
  journal={Journal of virology},
  volume={87},
  number={21},
  pages={11843--11850},
  year={2013},
  publisher={Am Soc Microbiol}
}

%statistic references
@article{karlin2014,
  title={A First Course in Stochastic Processes},
  author={Karlin, Samuel},
  journal={Elsevier},
  volume={},
  number={},
  pages={},
  year={2014},
  publisher={Elsevier}
}

%
@article{hinkley2011systems,
  title={A systems analysis of mutational effects in HIV-1 protease and reverse transcriptase},
  author={Hinkley, Trevor and Martins, Jo{\~a}o and Chappey, Colombe and Haddad, Mojgan and Stawiski, Eric and Whitcomb, Jeannette M and Petropoulos, Christos J and Bonhoeffer, Sebastian},
  journal={Nature genetics},
  volume={43},
  number={5},
  pages={487--489},
  year={2011},
  publisher={Nature Publishing Group}
}

%fitness effects of synonymous mutations
@article{cuevas2011fitness,
  title={The fitness effects of synonymous mutations in DNA and RNA viruses},
  author={Cuevas, Jos{\'e} M and Domingo-Calap, Pilar and Sanju{\'a}n, Rafael},
  journal={Molecular biology and evolution},
  pages={msr179},
  year={2011},
  publisher={SMBE}
}
@article{martrus2013changes,
  title={Changes in codon-pair bias of human immunodeficiency virus type 1 have profound effects on virus replication in cell culture},
  author={Martrus, Gloria and Nevot, Maria and Andres, Cristina and Clotet, Bonaventura and Martinez, Miguel Angel},
  journal={Retrovirology},
  volume={10},
  number={78},
  pages={0001--12},
  year={2013},
  publisher={BioMed Central Ltd}
}
@article{plotkin2011synonymous,
  title={Synonymous but not the same: the causes and consequences of codon bias},
  author={Plotkin, Joshua B and Kudla, Grzegorz},
  journal={Nature Reviews Genetics},
  volume={12},
  number={1},
  pages={32--42},
  year={2011},
  publisher={Nature Publishing Group}
}
@article{hunt2014exposing,
  title={Exposing synonymous mutations},
  author={Hunt, Ryan C and Simhadri, Vijaya L and Iandoli, Matthew and Sauna, Zuben E and Kimchi-Sarfaty, Chava},
  journal={Trends in Genetics},
  volume={30},
  number={7},
  pages={308--321},
  year={2014},
  publisher={Elsevier}
}
@article{martinez2015synonymous,
  title={Synonymous Virus Genome Recoding as a Tool to Impact Viral Fitness},
  author={Mart{\'\i}nez, Miguel Angel and Jordan-Paiz, Ana and Franco, Sandra and Nevot, Maria},
  journal={Trends in microbiology},
  year={2015},
  publisher={Elsevier}
}

@article{trottermutation,
  title={Mutation--Selection Balance},
  author={Trotter, Meredith V},
  journal={eLS},
  year={2014},
  publisher={Wiley Online Library}
}

%Shape parameter
@article{watts2009architecture,
  title={Architecture and secondary structure of an entire HIV-1 RNA genome},
  author={Watts, Joseph M and Dang, Kristen K and Gorelick, Robert J and Leonard, Christopher W and Bess Jr, Julian W and Swanstrom, Ronald and Burch, Christina L and Weeks, Kevin M},
  journal={Nature},
  volume={460},
  number={7256},
  pages={711--716},
  year={2009},
  publisher={Nature Publishing Group}
}

@article{siegfried2014rna,
  title={RNA motif discovery by SHAPE and mutational profiling (SHAPE-MaP)},
  author={Siegfried, Nathan A and Busan, Steven and Rice, Greggory M and Nelson, Julie AE and Weeks, Kevin M},
  journal={Nature methods},
  volume={11},
  number={9},
  pages={959--965},
  year={2014},
  publisher={Nature Publishing Group}
}

@article{Paredes:2010aa,
	An = {PMC2825289},
	Author = {Paredes, Roger and Lalama, Christina M and Ribaudo, Heather J and Schackman, Bruce R and Shikuma, Cecilia and Giguel, Francoise and Meyer, William A and Johnson, Victoria A and Fiscus, Susan A and D'Aquila, Richard T and Gulick, Roy M and Kuritzkes, Daniel R},
	Db = {PMC},
	Doi = {10.1086/650543},
	Isbn = {0022-1899; 1537-6613},
	J1 = {J Infect Dis},
	Journal = {The Journal of infectious diseases},
	Month = {03},
	Number = {5},
	Pages = {662--671},
	Title = {Pre-existing Minority Drug-Resistant {HIV-1} Variants, Adherence, and Risk of Antiretroviral Treatment Failure},
	Ty = {JOUR},
	U1 = {20102271{$[$}pmid{$]$}},
	Url = {http://www.ncbi.nlm.nih.gov/pmc/articles/PMC2825289/},
	Volume = {201},
	Year = {2010},
	Bdsk-Url-1 = {http://www.ncbi.nlm.nih.gov/pmc/articles/PMC2825289/},
	Bdsk-Url-2 = {http://dx.doi.org/10.1086/650543}}


@article{nloptr,
    author = {Steven G. Johnson},
    title = {The NLopt nonlinear-optimization package},
    Url = {http://ab-initio.mit.edu/wiki/index.php/NLopt},
    Year = {2008}
  }
 
%viral quasispecies 
@article{lauring2010quasispecies,
  title={Quasispecies theory and the behavior of RNA viruses},
  author={Lauring, Adam S and Andino, Raul},
  journal={PLoS Pathog},
  volume={6},
  number={7},
  pages={e1001005},
  year={2010},
  publisher={Public Library of Science}
}

@article{domingo1998quasispecies,
  title={Quasispecies structure and persistence of RNA viruses.},
  author={Domingo, Esteban and Baranowski, Eric and Ruiz-Jarabo, Carmen M and Mart{\'\i}n-Hern{\'a}ndez, Ana M and S{\'a}iz, Juan C and Escarm{\'\i}s, Cristina},
  journal={Emerging infectious diseases},
  volume={4},
  number={4},
  pages={521},
  year={1998},
  publisher={Centers for Disease Control and Prevention}
}

@incollection{domingo2006viruses,
  title={Viruses as quasispecies: biological implications},
  author={Domingo, E and Martin, V and Perales, C and Grande-Perez, A and Garcia-Arriaza, J and Arias, A},
  booktitle={Quasispecies: Concept and Implications for Virology},
  pages={51--82},
  year={2006},
  publisher={Springer}
}

@incollection{biebricher2006quasispecies,
  title={What is a quasispecies?},
  author={Biebricher, Christof K and Eigen, Manfred},
  booktitle={Quasispecies: Concept and Implications for Virology},
  pages={1--31},
  year={2006},
  publisher={Springer}
}

@article{eigen1993viral,
  title={Viral quasispecies},
  author={Eigen, Manfred},
  journal={SCIENTIFIC AMERICAN-AMERICAN EDITION-},
  volume={269},
  pages={32--32},
  year={1993},
  publisher={CDS COMMUNICATIONS DATA SERVICES}
}

@article{domingo1978nucleotide,
  title={Nucleotide sequence heterogeneity of an RNA phage population},
  author={Domingo, Esteban and Sabo, Donna and Taniguchi, Tadatsugu and Weissmann, Charles},
  journal={Cell},
  volume={13},
  number={4},
  pages={735--744},
  year={1978},
  publisher={Elsevier}
}

@article{batschelet1976proportion,
  title={The proportion of revertant and mutant phage in a growing population, as a function of mutation and growth rate},
  author={Batschelet, Eduard and Domingo, Esteban and Weissmann, Charles},
  journal={Gene},
  volume={1},
  number={1},
  pages={27--32},
  year={1976},
  publisher={Elsevier}
}

@article{wilke2005quasispecies,
  title={Quasispecies theory in the context of population genetics},
  author={Wilke, Claus O},
  journal={BMC evolutionary biology},
  volume={5},
  number={1},
  pages={44},
  year={2005},
  publisher={BioMed Central Ltd}
}

@article{rouzine2001transition,
  title={Transition between stochastic evolution and deterministic evolution in the presence of selection: general theory and application to virology},
  author={Rouzine, Igor M and Rodrigo, A and Coffin, JM},
  journal={Microbiology and molecular biology reviews},
  volume={65},
  number={1},
  pages={151--185},
  year={2001},
  publisher={Am Soc Microbiol}
}
%%%%%%
%CpG sites
@article{burns2009genetic,
  title={Genetic inactivation of poliovirus infectivity by increasing the frequencies of CpG and UpA dinucleotides within and across synonymous capsid region codons},
  author={Burns, Cara C and Campagnoli, Ray and Shaw, Jing and Vincent, Annelet and Jorba, Jaume and Kew, Olen},
  journal={Journal of virology},
  volume={83},
  number={19},
  pages={9957--9969},
  year={2009},
  publisher={Am Soc Microbiol}
}

@article{atkinson2014influence,
  title={The influence of CpG and UpA dinucleotide frequencies on RNA virus replication and characterization of the innate cellular pathways underlying virus attenuation and enhanced replication},
  author={Atkinson, Nicky J and Witteveldt, Jeroen and Evans, David J and Simmonds, Peter},
  journal={Nucleic acids research},
  volume={42},
  number={7},
  pages={4527--4545},
  year={2014},
  publisher={Oxford Univ Press}
  
}

@article{cheng2013cpg,
  title={CpG usage in RNA viruses: data and hypotheses},
  author={Cheng, Xiaofei and Virk, Nasar and Chen, Wei and Ji, Shuqin and Ji, Shuxian and Sun, Yuqiang and Wu, Xiaoyun},
  journal={PloS one},
  volume={8},
  number={9},
  pages={e74109},
  year={2013},
  publisher={Public Library of Science}
}

%CpG sites in mammals
%amount of CpG methylation in humans 
@article{jabbari2004cytosine,
  title={Cytosine methylation and CpG, TpG (CpA) and TpA frequencies},
  author={Jabbari, Kamel and Bernardi, Giorgio},
  journal={Gene},
  volume={333},
  pages={143--149},
  year={2004},
  publisher={Elsevier}
}

%DNA methylation in animals and plants, review
@article{law2010establishing,
  title={Establishing, maintaining and modifying DNA methylation patterns in plants and animals},
  author={Law, Julie A and Jacobsen, Steven E},
  journal={Nature Reviews Genetics},
  volume={11},
  number={3},
  pages={204--220},
  year={2010},
  publisher={Nature Publishing Group}
}

%methylated CpG sites can easily deaminate to thymine; reason why they are so rare (less than random chance) in the genome?
@article{scarano1967heterogeneity,
  title={The heterogeneity of thymine methyl group origin in DNA pyrimidine isostichs of developing sea urchin embryos},
  author={Scarano, E and Iaccarino, M and Grippo, P and Parisi, E},
  journal={Proceedings of the National Academy of Sciences},
  volume={57},
  number={5},
  pages={1394--1400},
  year={1967},
  publisher={National Acad Sciences}
}

%CpG underrepresented in single stranded RNA viruses
@article{rima1997dinucleotide,
  title={Dinucleotide and stop codon frequencies in single-stranded RNA viruses.},
  author={Rima, Bertus K and McFerran, Neil V},
  journal={Journal of general virology},
  volume={78},
  number={11},
  pages={2859--2870},
  year={1997},
  publisher={Microbiology Society}
}
%host cytosine methylation as a reason for RNA virus CpG deficiency
@article{shpaer1990selection,
  title={Selection against CpG dinucleotides in lentiviral genes: a possible role of methylation in regulation of viral expression},
  author={Shpaer, Eugene G and Mullins, James I},
  journal={Nucleic acids research},
  volume={18},
  number={19},
  pages={5793--5797},
  year={1990},
  publisher={Oxford Univ Press}
}

@article{van2012biased,
  title={The biased nucleotide composition of the HIV genome: a constant factor in a highly variable virus},
  author={van der Kuyl, Antoinette C and Berkhout, Ben},
  journal={Retrovirology},
  volume={9},
  number={1},
  pages={1--14},
  year={2012},
  publisher={Springer}
}
%%%%%%%%%%%%%%



@article{li2011low,
  title={Low-frequency HIV-1 drug resistance mutations and risk of NNRTI-based antiretroviral treatment failure: a systematic review and pooled analysis},
  author={Li, Jonathan Z and Paredes, Roger and Ribaudo, Heather J and Svarovskaia, Evguenia S and Metzner, Karin J and Kozal, Michael J and Hullsiek, Kathy Huppler and Balduin, Melanie and Jakobsen, Martin R and Geretti, Anna Maria and others},
  journal={Jama},
  volume={305},
  number={13},
  pages={1327--1335},
  year={2011},
  publisher={American Medical Association}
}

@article{neher2010recombination,
  title={Recombination rate and selection strength in HIV intra-patient evolution},
  author={Neher, Richard A and Leitner, Thomas},
  journal={PLoS Comput Biol},
  volume={6},
  number={1},
  pages={e1000660},
  year={2010},
  publisher={Public Library of Science}
}

@article{batorsky2011estimate,
  title={Estimate of effective recombination rate and average selection coefficient for HIV in chronic infection},
  author={Batorsky, Rebecca and Kearney, Mary F and Palmer, Sarah E and Maldarelli, Frank and Rouzine, Igor M and Coffin, John M},
  journal={Proceedings of the National Academy of Sciences},
  volume={108},
  number={14},
  pages={5661--5666},
  year={2011},
  publisher={National Acad Sciences}
}

@article{vale2012distribution,
  title={The distribution of mutational fitness effects of phage $\varphi$X174 on different hosts},
  author={Vale, Pedro F and Choisy, Marc and Froissart, R{\'e}my and Sanju{\'a}n, Rafael and Gandon, Sylvain},
  journal={Evolution},
  volume={66},
  number={11},
  pages={3495--3507},
  year={2012},
  publisher={Wiley Online Library}
}

@article{van2006effects,
  title={Effects of random mutations in the human immunodeficiency virus type 1 transcriptional promoter on viral fitness in different host cell environments},
  author={van Opijnen, Tim and Boerlijst, Maarten C and Berkhout, Ben},
  journal={Journal of virology},
  volume={80},
  number={13},
  pages={6678--6685},
  year={2006},
  publisher={Am Soc Microbiol}
}


@article{bernet2015distribution,
  title={Distribution of mutational fitness effects and of epistasis in the 5â€™untranslated region of a plant RNA virus},
  author={Bernet, Guillermo P and Elena, Santiago F},
  journal={BMC evolutionary biology},
  volume={15},
  number={1},
  pages={274},
  year={2015},
  publisher={BioMed Central Ltd}
}

@article{carrasco2007distribution,
  title={Distribution of fitness and virulence effects caused by single-nucleotide substitutions in Tobacco etch virus},
  author={Carrasco, Purificaci{\'o}n and de la Iglesia, Francisca and Elena, Santiago F},
  journal={Journal of virology},
  volume={81},
  number={23},
  pages={12979--12984},
  year={2007},
  publisher={Am Soc Microbiol}
}

@article{rihn2013extreme,
  title={Extreme genetic fragility of the HIV-1 capsid},
  author={Rihn, Suzannah J and Wilson, Sam J and Loman, Nick J and Alim, Mudathir and Bakker, Saskia E and Bhella, David and Gifford, Robert J and Rixon, Frazer J and Bieniasz, Paul D},
  journal={PLoS Pathog},
  volume={9},
  number={6},
  pages={e1003461},
  year={2013},
  publisher={Public Library of Science}
}

@article{domingo2009fitness,
  title={The fitness effects of random mutations in single-stranded DNA and RNA bacteriophages},
  author={Domingo-Calap, Pilar and Cuevas, Jos{\'e} M and Sanju{\'a}n, Rafael},
  journal={PLoS Genet},
  volume={5},
  number={11},
  pages={e1000742},
  year={2009},
  publisher={Public Library of Science}
}

@article{peris2010distribution,
  title={Distribution of fitness effects caused by single-nucleotide substitutions in bacteriophage f1},
  author={Peris, Joan B and Davis, Paulina and Cuevas, Jos{\'e} M and Nebot, Miguel R and Sanju{\'a}n, Rafael},
  journal={Genetics},
  volume={185},
  number={2},
  pages={603--609},
  year={2010},
  publisher={Genetics Soc America}
}


@article{shankarappa1999consistent,
  title={Consistent viral evolutionary changes associated with the progression of human immunodeficiency virus type 1 infection},
  author={Shankarappa, RAJ and Margolick, Joseph B and Gange, Stephen J and Rodrigo, Allen G and Upchurch, David and Farzadegan, Homayoon and Gupta, Phalguni and Rinaldo, Charles R and Learn, Gerald H and He, XI and others},
  journal={Journal of virology},
  volume={73},
  number={12},
  pages={10489--10502},
  year={1999},
  publisher={Am Soc Microbiol}
}

%%%% Fitness landscape
@article{li2016fitness,
  title={The fitness landscape of a tRNA gene},
  author={Li, Chuan and Qian, Wenfeng and Maclean, Calum J and Zhang, Jianzhi},
  journal={Science},
  volume={352},
  number={6287},
  pages={837--840},
  year={2016},
  publisher={American Association for the Advancement of Science}
}

@article{hietpas2011experimental,
  title={Experimental illumination of a fitness landscape},
  author={Hietpas, Ryan T and Jensen, Jeffrey D and Bolon, Daniel NA},
  journal={Proceedings of the National Academy of Sciences},
  volume={108},
  number={19},
  pages={7896--7901},
  year={2011},
  publisher={National Acad Sciences}
}

%APOBEC
@article{sheehy2002isolation,
  title={Isolation of a human gene that inhibits HIV-1 infection and is suppressed by the viral Vif protein},
  author={Sheehy, Ann M and Gaddis, Nathan C and Choi, Jonathan D and Malim, Michael H},
  journal={Nature},
  volume={418},
  number={6898},
  pages={646--650},
  year={2002},
  publisher={Nature Publishing Group}
}

@article{chen2008structure,
  title={Structure of the DNA deaminase domain of the HIV-1 restriction factor APOBEC3G},
  author={Chen, Kuan-Ming and Harjes, Elena and Gross, Phillip J and Fahmy, Amr and Lu, Yongjian and Shindo, Keisuke and Harris, Reuben S and Matsuo, Hiroshi},
  journal={Nature},
  volume={452},
  number={7183},
  pages={116--119},
  year={2008},
  publisher={Nature Publishing Group}
}

@article{holden2008crystal,
  title={Crystal structure of the anti-viral APOBEC3G catalytic domain and functional implications},
  author={Holden, Lauren G and Prochnow, Courtney and Chang, Y Paul and Bransteitter, Ronda and Chelico, Linda and Sen, Udayaditya and Stevens, Raymond C and Goodman, Myron F and Chen, Xiaojiang S},
  journal={Nature},
  volume={456},
  number={7218},
  pages={121--124},
  year={2008},
  publisher={Nature Publishing Group}
}

%%%%
@article{illingworth2015fitness,
  title={Fitness inference from short-read data: within-host evolution of a reassortant H5N1 influenza virus},
  author={Illingworth, Christopher JR},
  journal={Molecular biology and evolution},
  volume={32},
  number={11},
  pages={3012--3026},
  year={2015},
  publisher={SMBE}
}

%% HIV as the cause of AIDS
@article{popovic1984detection,
  title={Detection, isolation, and continuous production of cytopathic retroviruses (HTLV-III) from patients with AIDS and pre-AIDS},
  author={Popovic, Mikulas and Sarngadharan, Mangalasseril G and Read, Elizabeth and Gallo, Robert C},
  journal={Science},
  volume={224},
  number={4648},
  pages={497--500},
  year={1984},
  publisher={American Association for the Advancement of Science}
}
@article{gallo1984frequent,
  title={Frequent detection and isolation of cytopathic retroviruses (HTLV-III) from patients with AIDS and at risk for AIDS},
  author={Gallo, Robert C and Salahuddin, Syed Z and Popovic, Mikulas and Shearer, Gene M and Kaplan, Mark and Haynes, Barton F and Palker, Thomas J and Redfield, Robert and Oleske, James and Safai, Bijan and others},
  journal={Science},
  volume={224},
  number={4648},
  pages={500--503},
  year={1984}
}

@article{schupbach1984serological,
  title={Serological analysis of a subgroup of human T-lymphotropic retroviruses (HTLV-III) associated with AIDS},
  author={Schupbach, Jorg and Popovic, Mikulas and Gilden, Raymond V and Gonda, Matthew A and Sarngadharan, MG and Gallo, Robert C},
  journal={Science},
  volume={224},
  number={4648},
  pages={503--505},
  year={1984},
  publisher={American Association for the Advancement of Science}
}

@article{sarngadharan1984antibodies,
  title={Antibodies reactive with human T-lymphotropic retroviruses (HTLV-III) in the serum of patients with AIDS},
  author={Sarngadharan, Mangalasseril G and Popovic, Mikulas and Bruch, Lilian and Schupbach, Jorg and Gallo, Robert C},
  journal={Science},
  volume={224},
  number={4648},
  pages={506--508},
  year={1984},
  publisher={American Association for the Advancement of Science}
}
@article{gallo2003discovery,
  title={The discovery of HIV as the cause of AIDS},
  author={Gallo, Robert C and Montagnier, Luc},
  journal={New England Journal of Medicine},
  volume={349},
  number={24},
  pages={2283--2285},
  year={2003},
  publisher={Mass Medical Soc}
}

%AIDS in the era of ART
@article{deeks2013end,
  title={The end of AIDS: HIV infection as a chronic disease},
  author={Deeks, Steven G and Lewin, Sharon R and Havlir, Diane V},
  journal={The Lancet},
  volume={382},
  number={9903},
  pages={1525--1533},
  year={2013},
  publisher={Elsevier}
}

@article{simon2006hiv,
  title={HIV/AIDS epidemiology, pathogenesis, prevention, and treatment},
  author={Simon, Viviana and Ho, David D and Karim, Quarraisha Abdool},
  journal={The Lancet},
  volume={368},
  number={9534},
  pages={489--504},
  year={2006},
  publisher={Elsevier}
}

%HIV dynamics

@book{coffin1997retrotransposons,
  title={Retrotransposons, endogenous retroviruses, and the evolution of retroelements},
  author={Coffin, John M and Hughes, Stephen H and Varmus, Harold E and Boeke, JD and Stoye, JP},
  year={1997},
  publisher={Cold Spring Harbor Laboratory Press}
}

@article{douek2003t,
  title={T Cell Dynamics in HIV-1 Infection*},
  author={Douek, Daniel C and Picker, Louis J and Koup, Richard A},
  journal={Annual review of immunology},
  volume={21},
  number={1},
  pages={265--304},
  year={2003},
  publisher={Annual Reviews 4139 El Camino Way, PO Box 10139, Palo Alto, CA 94303-0139, USA}
}

@article{zhu1993genotypic,
  title={Genotypic and phenotypic characterization of HIV-1 patients with primary infection},
  author={Zhu, Tuofu and Mo, Hongmei and Wang, Ning and Nam, Daniel S and Cao, Yunzhen and Koup, Richard A and Ho, David D},
  journal={Science},
  volume={261},
  number={5125},
  pages={1179--1181},
  year={1993},
  publisher={American Association for the Advancement of Science}
}

@article{van2013nucleotide,
  title={The A-nucleotide preference of HIV-1 in the context of its structured RNA genome},
  author={van Hemert, Formijn J and van der Kuyl, Antoinette C and Berkhout, Ben},
  journal={RNA biology},
  volume={10},
  number={2},
  pages={211--215},
  year={2013},
  publisher={Taylor \& Francis}
}

@article{van2014nucleotide,
  title={On the nucleotide composition and structure of retroviral RNA genomes},
  author={van Hemert, Formijn and van der Kuyl, Antoinette C and Berkhout, Ben},
  journal={Virus research},
  volume={193},
  pages={16--23},
  year={2014},
  publisher={Elsevier}
}

@article{geller2016highly,
  title={Highly heterogeneous mutation rates in the hepatitis C virus genome},
  author={Geller, Ron and Estada, {\'U}rsula and Peris, Joan B and Andreu, Iv{\'a}n and Bou, Juan-Vicente and Garijo, Raquel and Cuevas, Jos{\'e} M and Sabariegos, Rosario and Mas, Antonio and Sanju{\'a}n, Rafael},
  journal={Nature Microbiology},
  pages={16045},
  year={2016},
  publisher={Nature Publishing Group}
}